<?xml version="1.0" encoding="UTF-8"?><collection xmlns="http://www.loc.gov/MARC21/slim"><record><leader>00411nam--2200109-i-4500</leader><controlfield tag="001">000032896</controlfield><controlfield tag="002">20161230</controlfield><controlfield tag="005">20161230201039</controlfield><controlfield tag="008">060222s1000------------r-----000-0-eng-d</controlfield><datafield ind1=" " ind2=" " tag="245"><subfield code="a">Methods of evaluating radiological equipment and materials.recommendations of the international commission on radiological units and measurements.handbook 89</subfield></datafield><datafield ind1=" " ind2=" " tag="260"><subfield code="a">Washington, U.S.Department Of Commerce, 1963. 33p</subfield></datafield><datafield ind1=" " ind2=" " tag="852"><subfield code="a">18140</subfield></datafield></record></collection>